
@book{flugge2012practical,
  title={Practical quantum mechanics},
  author={Fl{\"u}gge, Siegfried},
  year={2012},
  publisher={Springer Science \& Business Media},
  language = {english},
  hyphenation={english}
}